<?xml version="1.0" encoding="UTF-8"?><record xmlns="http://www.loc.gov/MARC21/slim" xmlns:cinclude="http://apache.org/cocoon/include/1.0" xmlns:zs="http://www.loc.gov/zing/srw/">
  <leader>01208cz  a2200253n  4500</leader>
  <controlfield tag="001">n  86129243 </controlfield>
  <controlfield tag="003">DLC</controlfield>
  <controlfield tag="005">20130918073722.0</controlfield>
  <controlfield tag="008">870615n| azannaabn          |a aaa      </controlfield>
  <datafield tag="010" ind1=" " ind2=" ">
    <subfield code="a">n  86129243 </subfield>
  </datafield>
  <datafield tag="035" ind1=" " ind2=" ">
    <subfield code="a">(OCoLC)oca01876238</subfield>
  </datafield>
  <datafield tag="040" ind1=" " ind2=" ">
    <subfield code="a">DLC</subfield>
    <subfield code="b">eng</subfield>
    <subfield code="e">rda</subfield>
    <subfield code="c">DLC</subfield>
    <subfield code="d">DLC</subfield>
    <subfield code="d">NNC</subfield>
  </datafield>
  <datafield tag="046" ind1=" " ind2=" ">
    <subfield code="f">19510615</subfield>
  </datafield>
  <datafield tag="100" ind1="1" ind2=" ">
    <subfield code="a">Dabashi, Hamid,</subfield>
    <subfield code="d">1951-</subfield>
  </datafield>
  <datafield tag="370" ind1=" " ind2=" ">
    <subfield code="a">AhvaĚz (Iran)</subfield>
    <subfield code="c">Iran</subfield>
    <subfield code="c">United States</subfield>
    <subfield code="e">New York (N.Y.)</subfield>
  </datafield>
  <datafield tag="372" ind1=" " ind2=" ">
    <subfield code="a">Iran--Civilization--Study and teaching</subfield>
    <subfield code="a">Motion pictures--Palestine</subfield>
    <subfield code="2">lcsh</subfield>
  </datafield>
  <datafield tag="373" ind1=" " ind2=" ">
    <subfield code="a">Columbia University</subfield>
    <subfield code="2">naf</subfield>
  </datafield>
  <datafield tag="374" ind1=" " ind2=" ">
    <subfield code="a">College teachers</subfield>
    <subfield code="2">lcsh</subfield>
  </datafield>
  <datafield tag="375" ind1=" " ind2=" ">
    <subfield code="a">male</subfield>
  </datafield>
  <datafield tag="377" ind1=" " ind2=" ">
    <subfield code="a">eng</subfield>
  </datafield>
  <datafield tag="510" ind1="2" ind2=" ">
    <subfield code="w">r</subfield>
    <subfield code="i">Founded corporate body:</subfield>
    <subfield code="a">Dreams of a Nation (Project)</subfield>
  </datafield>
  <datafield tag="670" ind1=" " ind2=" ">
    <subfield code="a">Shi'ism, c1988:</subfield>
    <subfield code="b">CIP t.p. (Hamid Dabashi)</subfield>
  </datafield>
  <datafield tag="670" ind1=" " ind2=" ">
    <subfield code="a">The world of Persian literary humanism, c2012:</subfield>
    <subfield code="b">ECIP t.p. (Hamid Dabashi) data view (b. June 15, 1951; U.S. citizen born in Iran)</subfield>
  </datafield>
  <datafield tag="670" ind1=" " ind2=" ">
    <subfield code="a">Hamid Dabashi, WWW home page, viewed Sept. 17, 2013:</subfield>
    <subfield code="b">biography (Hamid Dabashi is the Hagop Kevorkian Professor of Iranian Studies and Comparative Literature at Columbia University in New York; born in Ahvaz, Iran; lives in New York; Hamid Dabashi is the founder of Dreams of a Nation, a Palestinian Film Project)</subfield>
  </datafield>
</record>